@misc{car-breakdowns,
    author={RAC},
    title={RAC Pothole Index --- statistics and data for UK roads},
    year={2024},
    note={Last accessed 10 April 2024},
    url={https://www.rac.co.uk/drive/advice/driving-advice/rac-pothole-index-statistics-data-and-projections/}
}